2959 5000
212 251 232 307 a
662 249 853 312 rainoni
935 235 943 244 ‘

213 401 242 454 in
254 401 367 470 patriam
380 400 500 469 hagnam
512 401 636 458 verteret.
674 405 759 460 Istius
773 403 863 473 operis
879 401 947 458 nihil
965 401 1046 456 hodie
1062 405 1185 457 remanet
1201 399 1305 471 praeter

196 513 199 531 t
214 483 386 548 desiderium,
398 484 421 536 si
433 485 554 554 excipias
565 484 773 555 Anteloquium,
784 485 858 554 quod
875 484 985 538 inscribi
997 483 1067 536 solet
1079 498 1119 538 na
1131 497 1241 538 orssrso
1252 497 1306 536 ca·

215 577 292 617 snas
305 577 476 619 casroauu.
510 563 640 634 (Tullius)
656 569 831 635 Protagoram
842 566 974 631 Platonis,
985 570 1015 618 et
1033 565 1232 620 OEoonomtcon
1243 564 1307 618 Xe-

214 644 369 714 nophontis,
385 649 414 698 et
424 645 563 700 AEachinis
581 663 614 700 ac
626 648 820 703 Demosthenis
838 647 909 700 duas
926 649 1022 700 centn
1037 662 1066 700 se
1086 647 1230 702 Orationes
1246 645 1309 714 pul·

216 725 362 780 cherrimus
381 727 527 781 transtulit.
562 731 578 758 ‘¹
594 729 746 793 Quantain
764 730 817 783 illis
826 722 1037 797 praetermiserit,
1049 732 1153 796 quanta
1163 726 1308 790 addiderit,

217 804 319 876 quanta
331 809 489 876 mutaverit,
498 815 531 863 ut
540 812 721 880 proprietates
734 811 844 865 alterius
854 810 957 877 linguae
969 809 1027 862 suis
1037 806 1247 877 proprietatibus
1258 822 1309 860 ex-

216 889 336 958 plicaret,
347 901 456 945 nonest
468 891 549 960 hujus
561 893 690 962 temporis
703 892 802 947 dicere.
837 889 943 945 Sufficit
953 887 1022 942 mihi
1032 889 1118 959 ipsius
1127 888 1309 943 'l'ranslatoris

165 1025 168 1031 ,
217 971 372 1038 auctoritas,
381 974 427 1041 qui
438 975 477 1026 ita
488 974 517 1028 iu
529 975 644 1043 Prologo
656 975 807 1028 eamndem
815 973 978 1027 Orationum
990 971 1118 1041 loquutus
1129 974 1186 1024 est:
1204 969 1308 1024 Putavi

161 1087 164 1094 ⁴
217 1051 283 1104 mihi
295 1054 505 1124 suscipiendum,
516 1053 590 1109 eto.’'
601 1057 605 1064 '
624 1057 739 1110 Hieron.
750 1056 785 1108 sd
797 1055 903 1108 Paulin.
913 1053 1003 1122 Epist.
1014 1057 1058 1106 ⁵0.
1077 1053 1201 1106 Rursus:
1221 1050 1309 1105 “Nisi

217 1131 288 1186 forto
296 1135 434 1203 putandus
445 1139 488 1189 est
497 1132 605 1190 'ihllius
616 1136 817 1190 OEeoncmioon
829 1134 1031 1203 Xenophontis,
1042 1138 1071 1186 et
1078 1133 1203 1187 Platonis
1214 1135 1311 1186 Prota·
1346 1185 1353 1195 ,

218 1228 322 1281 goram,
342 1220 371 1269 ct
388 1216 584 1270 Demosthenis
602 1233 651 1286 pro
663 1217 847 1286 ·Gtcaiphonte
865 1214 1016 1270 orationem
1042 1215 1147 1272 aflatus
1164 1213 1314 1269 Rhetorice

219 1296 314 1364 spiritu
324 1297 519 1361 transtulisse.”
537 1297 616 1351 Idem
629 1299 747 1367 Apolog.
761 1299 866 1352 advers.
881 1297 972 1350 Rulin.
983 1296 1002 1350 l.
1013 1301 1040 1349 2.
1077 1296 1134 1360 Qui
1146 1296 1244 1361 similia
1253 1296 1310 1347 lere

219 1375 302 1430 habet
313 1379 341 1430 in
353 1379 459 1446 Prolcg.
470 1379 505 1432 ad
517 1379 698 1433 Pentateuch.
709 1385 738 1432 et
752 1379 780 1432 in
793 1373 918 1446 Epistola
929 1379 965 1432 ad
976 1377 1113 1442 Sunniam
1120 1382 1148 1430 et
1164 1378 1309 1430 Iiretelam.

220 1458 334 1526 Scripsit
351 1460 416 1522 item
428 1460 556 1516 Sidonius
567 1461 730 1530 Apollinaris
740 1461 781 1516 ll.
802 1461 890 1530 Epist.
900 1465 927 1515 9.
962 1459 1164 1530 “thmqnsm
1182 1461 1222 1512 sic
1240 1459 1313 1511 suet

221 1539 382 1594 adverbum
399 1539 616 1612 sententiamque
634 1544 792 1608 translatus,
809 1550 842 1598 ut
861 1544 1067 1612 nec‘Apuleius
1086 1543 1254 1598 Phaedonem
1272 1541 1312 1594 sic

221 1623 351 1694 Platonis,
362 1641 450 1694 neque
460 1617 570 1681 Tulliirs
578 1626 836 1695 Ctesiphontemsic
848 1625 1041 1682 Demosthenis
1051 1626 1080 1678 in
1088 1640 1169 1680 usum
1178 1627 1317 1694 regulam·

221 1719 276 1772 qno
284 1705 399 1759 Romani
409 1707 546 1760 Sermonis
557 1707 774 1776 exscripserint”
809 1707 915 1763 Verum
926 1711 958 1761 nt
965 1707 1074 1774 jactura
1085 1706 1165 1759 istim
1173 1705 1313 1760 versionis

222 1786 424 1852 quodammodo
441 1789 620 1852 resarciretur,
639 1791 752 1858 quidam
763 1789 835 1842 male
852 1789 941 1842 feriati
957 1787 1084 1856 antiquas
1095 1787 1236 1842 Ciceronis
1248 1786 1316 1840 Edi·

223 1867 312 1922 tiones
328 1870 409 1922 beare
420 1871 565 1925 voluerunt
576 1871 805 1942 Interpretatione
821 1872 903 1940 hujus
915 1870 1120 1936 Controversia,
1131 1885 1213 1940 quam
1225 1869 1317 1922 elabo-

224 1949 294 2002 ravit
306 1951 465 2020 heccardus
475 1950 593 2017 Bruttus,
603 1952 745 2017 Aretinus,
753 1968 948 2024 rerumneqno
956 1968 990 2006 eo
1002 1950 1087 2018 Loco,
1096 1967 1179 2018 quem
1189 1953 1316 2018 occupat,

222 2041 314 2113 noque
326 2031 413 2084 Fama
429 2033 541 2085 istorum
560 2025 727 2100 Scriptorum
744 2034 864 2100 dignam,
882 2049 953 2103 quos
965 2035 1130 2086 'convertero
1146 2029 1316 2084 instituebat.

223 2109 269 2165 Es
280 2110 376 2180 ntique
386 2112 534 2166 Contentio
545 2111 663 2168 duorum
676 2129 843 2168 summomm
859 2113 1010 2180 hominum,
1022 2108 1058 2164 ad
1066 2122 1149 2180 qnam
1156 2112 1317 2166 Concursus

225 2206 261 2244 cx
273 2194 332 2246 tots
343 2193 451 2246 Graecia
461 2192 550 2246 lactus
567 2209 627 2246 esse
638 2193 749 2260 dicitur,
760 2195 837 2263 (uam
849 2200 879 2248 et
888 2193 1032 2249 AEschines
1050 2193 1111 2262 ipse
1120 2194 1318 2251 comoneat

225 2286 253 2338 p.
274 2275 336 2328 ³86.
357 2274 451 2340 plnres
474 2273 595 2326 tribunal
613 2271 834 2340 circumstetisse,
857 2291 940 2340 φησι
961 2289 1086 2339 aequm
1112 2275 1267 2329 meminerit
1283 2272 1320 2326 ad

212 2351 310 2416 „ullam
329 2366 441 2404 causam
459 2353 597 2418 publicam
615 2354 795 2414 marcuisse)
806 2355 861 2402 otto
872 2353 950 2404 vonit
964 2352 993 2400 in
1004 2348 1106 2400 tamam
1115 2353 1199 2417 atque
1210 2352 1321 2404 celebri-

225 2433 325 2484 tatem:
337 2435 374 2496 et,
386 2429 452 2482 dum
464 2429 539 2482 stetit
550 2427 658 2482 fortuna
670 2428 768 2482 harum
779 2427 945 2493 literarum,
953 2427 1019 2481 nihil
1031 2443 1154 2496 unquam
1165 2434 1213 2483 aut
1223 2432 1320 2490 arden.-

214 2513 283 2577 ‚tius
294 2513 444 2581 legebatur,
454 2514 503 2563 aut
513 2512 695 2565 maximorum
702 2510 844 2564 hominum
855 2509 947 2563 studia
958 2510 1045 2579 magis
1057 2509 1201 2565 alliciebat.
1237 2514 1320 2585 litam

228 2593 421 2647 Demosthenis
432 2594 579 2661 praecipue,
590 2588 643 2661 (nti
655 2590 804 2659 dicebam)
816 2593 857 2645 ita
873 2606 981 2661 semper
993 2591 1117 2643 admirati
1127 2598 1194 2647 sunt
1204 2596 1319 2663 veteres,

227 2676 459 2747 quomadmodum
481 2672 605 2729 solebant
626 2674 732 2728 Phidias
757 2674 857 2743 dorem
881 2679 929 2729 aut
951 2671 1144 2743 Doryphorum
1166 2676 1319 2743 suspicere3

228 2756 445 2829 maaianai
460 2755 517 2811 scit.
536 2754 656 2809 Artificis
674 2755 898 2830 prestantissima
916 2754 1037 2825 srhticis,
1052 2757 1081 2807 et
1091 2755 1191 2825 quihus
1207 2755 1276 2808 nihil
1291 2757 1322 2811 iu

228 2840 277 2893 illo
287 2854 388 2908 genere
400 2836 547 2907 perfectius
558 2852 618 2891 esse
630 2838 728 2905 potnit.
765 2838 795 2890 ot
805 2840 869 2905 γοῦν
880 2837 1012 2889 κάλλιστοι
1022 2841 1074 2889 τῶν
1093 2836 1219 2905 δημοσίων
1234 2839 1321 2906 λόγων

230 2924 302 2985 εἰσὶν,
312 2924 340 2974 ἐν
350 2918 389 2982 cic
398 2924 455 2989 περὶ
465 2922 544 2989 νόμον
555 2940 580 2973 τι
597 2923 614 2983 ἢ
629 2922 789 2989 ψηφίσματος
800 2918 1004 2989 impiissimi,
1018 2917 1084 2985 λέγω
1103 2918 1129 2971 δὲ
1144 2922 1191 2973 τόν
1200 2938 1227 2971 τε
1239 2926 1322 2973 ΠΕΡΙ

231 3001 516 3059 ΣΤΕΦΔΝΟΥ-Τὶιοο
528 3003 674 3070 Ρωῃωιι.
686 3016 715 3070 p.
727 3003 754 3054 b.
772 2998 850 3070 οἶμαι
867 3002 917 3068 γάρ
932 3018 960 3051 σι
976 3005 1028 3052 τῶν
1038 3000 1218 3068 Δημοσθένους·
1231 3002 1253 3053 sl
1261 3003 1325 3069 paim

231 3084 386 3150 dithma'ihd
397 3090 504 3139 '1¹0th
515 3090 601 3137 ΥΠΕΡ
614 3090 680 3137 ΤΗΣ
699 3087 926 3136 saturnalitia
940 3086 1059 3145 AOPON,
1076 3083 1122 3133 rba
1141 3082 1325 3150 πολυύμνητον
1418 3089 1424 3097 ’

203 3168 264 3235 ‘dai
280 3172 370 3219 τοῦτον
385 3166 565 3233 ἀνεγνωκέναι.
583 3163 696 3218 Aristid.
717 3167 775 3230 sript
793 3168 838 3215 rori
856 3163 1017 3230 supudbiyps.
1038 3162 1151 3231 Scripsit
1167 3162 1203 3214 ad
1220 3178 1324 3219 morem

224 3246 333 3320 ,Adagii
345 3246 449 3299 Plinius
460 3244 511 3299 Vl.
524 3246 612 3314 Epist.
623 3250 668 3300 33.
703 3244 825 3297 “Solent
839 3243 951 3313 qnidam
969 3258 1005 3295 ex
1017 3243 1259 3317 contubernalibus
1277 3259 1326 3298 no·
1427 3280 1432 3291 ·

231 3330 293 3383 stris
311 3328 478 3391 existimare,
495 3326 566 3381 hauc
587 3327 736 3380 orationem
756 3326 932 3393 precipuum,
943 3328 975 3377 ut
991 3324 1064 3377 inter
1079 3339 1163 3388 mess,
1174 3330 1217 3378 ΩΣ
1236 3334 1324 3379 ΥΠΕΡ

234 3417 470 3467 ΚΤΗΣΙΦΩΝΤΟΣ
483 3408 571 3463 esse.''
605 3408 667 3461 Hos
679 3422 775 3459 omncs
787 3404 908 3471 anteivit,
919 3408 950 3459 ut
959 3407 1042 3457 astate
1053 3404 1213 3471 itajndioio‚
1223 3407 1328 3474 Diony.
1388 3398 1395 3413 ¹

232 3494 291 3549 sins
300 3488 557 3553 ilaticsmassensis,
569 3487 616 3555 qui
634 3487 674 3540 iis
689 3486 823 3540 scribitis
833 3486 902 3539 libro
913 3489 970 3555 sepi
981 3486 1134 3547 Σννθίσιιις.
1165 3487 1265 3555 ‘artpoe
1276 3489 1327 3539 sai·

232 3580 277 3629 λιν
288 3576 394 3643 ἅψομαι,
405 3576 449 3625 τοῦ
467 3572 538 3623 πάνυ
549 3570 714 3638 tepescimus
731 3570 872 3639 dnqsosdec'
879 3568 1021 3630 δοκοῦντος,
1039 3571 1084 3619 τοῦ
1098 3569 1162 3636 ὑπὲρ
1179 3573 1328 3635 Κτησιφόν-

234 3675 288 3722 τῷ,
298 3660 330 3709 dr
341 3654 389 3723 1γῶ
399 3658 590 3713 ΚΡΔᾘΣΤΟΝ
603 3655 847 3705 subeuntum!
862 3655 1002 3702 [lambuit
1015 3655 1135 3704 ΛΟῙὮΝ.
1153 3648 1259 3702 Rursus
1271 3653 1329 3719 περὶ

235 3736 358 3804 dssvdr.§.
373 3736 559 3787 td-eaetsra
573 3733 599 3784 dl
615 3735 657 3785 sui
674 3734 799 3785 κάλλιστα
814 3732 842 3781 is
856 3734 904 3792 τῆς
912 3731 976 3797 ὑπὲρ
987 3735 1166 3797 Κτησιφῶντος
1175 3730 1328 3798 ἀπολογίας.

236 3814 319 3879 οὗτος
332 3819 381 3885 γὰρ
393 3816 424 3878 δὴ
437 3836 479 3883 μοι
490 3815 554 3867 δοκεῖ
564 3808 688 3885 καλλίστῃ
697 3816 738 3867 rol
748 3812 903 3882 μετριωτάτῃ
912 3815 1055 3877 κατασκευῇ
1064 3810 1153 3871 λέξαις
1162 3812 1329 3879 τεχμῑσθσιὸ

232 3892 462 3965 ¹adpop'Dttittde:
484 3897 514 3948 nt
527 3896 552 3948 tt
570 3916 609 3957 τις
619 3896 739 3965 ipsi-irs
757 3898 848 3947 rosires
864 3893 925 3955 ἴσως
942 3891 1035 3959 ἔγραψε
1053 3895 1100 3943 τὸν
1110 3888 1250 3960 moesto.
1270 3895 1329 3960 supi
1375 3945 1383 3959 ,

237 3983 282 4033 τοῦ
301 3976 440 4044 Στεφάνου)
457 3982 515 4039 τοῖς
526 3978 719 4046 Ἀριστοτέλους
735 3974 907 4041 ἐντετυχηκὼς
923 3973 1034 4039 τέχναις,
1050 3979 1115 4025 'toti
1135 3979 1328 4026 xsstrnuort

232 4044 403 4113 *intumit
422 4064 542 4121 ΛΟῙὮΝ,
558 4062 644 4111 πολλὰ
661 4062 725 4127 πρὸς
744 4051 827 4109 αὐτὸν
843 4056 923 4107 εἰπεῖν
942 4054 1085 4120 ippum-sut
1095 4059 1186 4108 τοῦτον
1198 4054 1330 4113 ἐπιδείξειν

238 4144 411 4209 ὑπισχνοῦμαι
423 4146 469 4194 τὸν
480 4143 568 4209 ἀγῶνα
580 4144 630 4209 πρὸ
647 4146 699 4193 τῶν
712 4138 901 4207 Ἀριστοτέλους
912 4141 1012 4202 τεχνῶν
1022 4136 1249 4203 ἐπιτετελεσμένον.
1283 4134 1328 4189 ld.

237 4222 276 4277 nd
286 4222 452 4278 Ammaum.
489 4222 593 4290 Verum
607 4222 648 4289 his
659 4220 822 4289 usperscdeo
832 4236 840 4281 ;
850 4217 980 4286 quoniam
992 4230 1073 4269 nomo
1084 4219 1136 4281 est,
1146 4216 1259 4285 quinon
1271 4217 1330 4271 lau·

238 4305 323 4370 davit,
332 4307 361 4357 et
369 4305 453 4361 nrrllaa
463 4305 527 4357 sunt
538 4302 641 4369 laudes,
650 4318 714 4371 quae
728 4293 782 4356 uon
793 4301 858 4352 sunt
867 4298 1008 4351 maximae:
1026 4292 1094 4357 illud
1104 4296 1186 4349 etiam
1196 4295 1226 4353 to
1236 4297 1328 4362 pnimo

238 4386 350 4457 hebeni,
370 4388 453 4457 quod,
470 4386 493 4440 si
513 4400 596 4456 quom
614 4384 689 4439 nullo
704 4384 787 4437 modo
801 4377 894 4449 capiat
906 4384 983 4453 turta
993 4377 1168 4450 Eloquentia,
1180 4392 1272 4454 raeque¹
1290 4381 1330 4433 te·
