2959 5000
258 322 343 397 384
578 344 698 413 amn.
722 348 828 413 suc.
851 345 1019 412 wonrrr

299 502 339 563 Et
351 501 519 565 addendum
533 515 580 566 est
599 500 713 584 aliquid
733 507 773 567 de
792 505 944 567 antidosi.⁰
983 504 1113 583 Nequit
1132 504 1211 563 euim
1235 522 1365 565 excusa-

257 594 335 653 tione
356 597 508 656 tenuitatis
520 616 595 656 onus
610 617 692 657 suum
710 598 849 677 defugere
869 606 981 675 posset,
996 616 1070 655 neve
1089 596 1118 655 id
1140 596 1312 674 accideret,
1324 606 1360 655 ut

256 686 309 763 qui
320 687 448 766 cuipiam
466 708 504 747 ea
520 681 677 749 tribulibus
692 690 843 767 negotium
857 689 1013 759 facessere,
1027 707 1155 765 eumque
1169 688 1209 746 ad
1225 706 1357 765 pauper-

256 786 345 838 tatem
363 781 494 859 redigere
516 781 616 861 vellet,
635 782 731 840 minus
750 782 924 859 opulentum
947 781 1086 858 suffragio
1105 798 1162 839 sno
1181 779 1224 838 ad
1248 781 1354 839 ebora-

254 871 341 948 giam,
361 871 559 931 hierarchiam
579 880 632 931 aut
653 871 735 931 aliud
753 871 840 949 quid*
862 872 1048 951 designaret3
1070 880 1267 949 prospectum
1291 878 1353 929 erat

255 963 347 1021 veteri
359 964 425 1041 lege
435 968 496 1043 aspi
506 969 564 1023 τῶν
575 964 756 1042 ἀντιδόσεων,
769 964 856 1041 cujus
870 962 1076 1023 anctoritatem
1093 962 1133 1021 ad
1149 961 1292 1021 Solonem
1307 982 1352 1021 tu-

253 1053 362 1117 terunt.
404 1056 462 1115 lies
484 1055 616 1125 ridicula,
630 1062 671 1124 et,
692 1063 726 1114 nt
746 1073 848 1114 verum
866 1054 1009 1125 dicamus,
1033 1052 1231 1114 subabsurda.
1273 1054 1352 1113 Nara

255 1147 290 1221 is,
304 1149 356 1225 qui
370 1147 539 1225 designatus
557 1156 629 1218 erat,
644 1148 771 1224 siquem
785 1149 966 1225 praeteritum
985 1165 1049 1207 esse
1062 1146 1280 1223 opulentiorem
1295 1166 1352 1224 pn-

254 1240 348 1311 tabat,
366 1248 491 1317 poterat,
505 1257 710 1316 quemcunque
727 1239 824 1311 vellet,
843 1242 1003 1308 nominare,
1018 1236 1058 1296 ab
1072 1255 1170 1313 eoque
1182 1246 1299 1314 petere,
1317 1248 1351 1297 nt

254 1340 306 1391 aut
326 1330 389 1409 ipse
411 1349 514 1389 munus
535 1330 692 1408 reciperet,
707 1338 759 1389 aut
778 1349 877 1389 secum
891 1329 1047 1389 facultates
1064 1338 1258 1406 permutaret.
1303 1330 1349 1389 lm

254 1422 418 1481 nominatus
441 1422 612 1481 alterutrum
635 1420 732 1481 faeere
755 1421 929 1499 cogebatur.
968 1420 998 1479 Si
1019 1420 1207 1480 detrectabat
1231 1438 1347 1491 munus,

253 1529 414 1589 pernegans
424 1530 455 1570 ae
468 1511 604 1571 ditiorem
618 1532 692 1584 esse,
707 1513 822 1573 aedibus
837 1512 1018 1573 etumnibua
1037 1511 1126 1571 rebus
1139 1510 1205 1587 ejus
1219 1511 1346 1589 sigillu-

252 1604 468 1681 imponebatur,
480 1622 517 1663 ue
531 1605 604 1681 qnid
619 1605 687 1665 inde
696 1605 756 1665 alio
767 1614 922 1683 exportare
936 1612 1046 1683 posset.
1084 1604 1163 1661 Tum
1179 1604 1270 1663 ambo
1289 1605 1347 1665 liti-

252 1704 365 1775 gentes,
383 1696 557 1775 interponito
572 1696 776 1775 jurejurando,
791 1697 869 1757 bona
889 1714 942 1757 suu
961 1695 1069 1765 omnia,
1084 1702 1284 1771 praeterquam
1297 1716 1343 1765 ea,

252 1806 322 1865 quae
336 1788 367 1847 in
379 1786 602 1867 argentifodinis
612 1797 707 1856 erant,
720 1788 945 1847 eornmentnriol
959 1786 1134 1863 consignata
1151 1784 1235 1845 edere
1250 1787 1345 1845 debe-

252 1878 342 1948 bant;
366 1898 472 1940 masaa
494 1880 524 1938 in
543 1878 692 1955 judicium
716 1877 930 1937 deducebatur.
971 1876 1084 1937 Mirum
1108 1886 1164 1945 est,
1183 1877 1260 1952 quod
1284 1898 1344 1955 per

252 1972 330 2031 bane
340 1970 487 2031 antidosin
499 1969 588 2029 etiarn
599 1968 700 2029 civiles
712 1967 845 2027 actiones
854 1968 930 2045 ejus,
944 1967 1024 2027 unde
1038 1968 1205 2045 petebatur,
1216 1968 1253 2027 ad
1267 1970 1343 2028 alte-

251 2082 316 2123 rum
337 2062 459 2123 transire
478 2069 665 2122 consuerant.
705 2059 767 2119 Sed
783 2059 868 2137 plura
886 2060 941 2119 iste
956 2078 1018 2119 mos
1032 2058 1220 2119 incommoda
1234 2060 1342 2147 babere

251 2154 364 2226 debuit,
377 2154 407 2214 in
427 2156 472 2214 bis
485 2154 561 2214 illud
579 2172 639 2214 non
658 2152 816 2225 minimum,
835 2150 916 2229 quod
929 2170 983 2229 per
1001 2168 1071 2231 eum
1090 2150 1241 2211 interdum
1255 2152 1339 2211 rebm

251 2246 386 2326 gerendis
400 2267 511 2308 moram
530 2247 621 2325 objici
634 2264 754 2306 necesse
768 2248 866 2305 esset.r
905 2242 997 2303 Mitto
1010 2244 1124 2321 privata
1144 2243 1340 2305 incommoh.

252 2338 328 2406 Quis
342 2340 392 2399 illa
405 2360 464 2399 non
475 2340 650 2418 pervidenti
672 2336 749 2398 Sa'ne
763 2336 881 2395 omuino
895 2335 920 2394 si
940 2336 1006 2394 luteo
1025 2344 1056 2394 et
1069 2335 1135 2408 alia,
1150 2355 1221 2412 qnae
1244 2337 1340 2397 bacte-

251 2451 306 2490 uus
321 2434 503 2510 scripsimus,
517 2433 635 2510 cognita
649 2430 791 2489 baberent
810 2430 840 2503 ii,
860 2429 911 2507 qui
931 2426 1020 2487 hodie
1040 2446 1121 2506 saepe
1141 2428 1225 2486 bellis
1244 2430 1341 2488 decla·

249 2525 425 2584 mationibus
448 2525 564 2583 beatam
587 2522 754 2580 libertatem
778 2522 961 2598 antiquarum
987 2520 1138 2579 civitatum
1162 2519 1340 2594 desiderant,

249 2634 296 2674 nn
309 2615 360 2688 illi,
371 2623 454 2693 puto,
469 2615 519 2674 tali
534 2621 667 2672 votorum
679 2614 843 2676 temeritate
857 2612 1044 2672 abstinerent.

289 2705 431 2778 Alterum,
448 2705 486 2766 de
505 2726 565 2783 quo
578 2704 783 2783 explicandum
805 2707 891 2766 nobis
906 2727 968 2766 esse
983 2705 1118 2776 diximus,
1138 2715 1184 2765 est
1197 2707 1237 2766 de
1253 2707 1340 2768 rnodo

247 2796 344 2872 legum
364 2795 557 2867 ferendarum,
579 2796 676 2872 qnslis
695 2797 776 2873 apud
793 2797 986 2857 Athenienses
1006 2798 1036 2856 in
1059 2817 1110 2856 usu
1128 2797 1184 2855 luit
1198 2799 1340 2860 Oratoris

247 2886 367 2945 saeculo.
408 2887 474 2953 Qua
498 2888 527 2946 in
551 2907 590 2956 re,
605 2887 629 2943 si
652 2887 740 2963 plane
762 2888 885 2948 rudibus
904 2890 969 2949 brec
990 2890 1182 2956 scriberemus,
1200 2887 1231 2946 id
1253 2903 1341 2952 esset

247 2976 498 3055 praemonendum,
519 2975 682 3036 sciscendae
703 2977 748 3035 rel
763 2976 908 3052 jubendae
931 2980 1003 3058 legis
1024 2977 1222 3040 anctoritatem
1240 2997 1340 3056 penes

247 3067 391 3146 Populum
409 3067 507 3140 luisse,
520 3066 621 3127 latoris
641 3067 734 3126 nullas
749 3067 837 3128 luisse
852 3080 961 3148 partes,
976 3071 1031 3130 nisi
1045 3080 1078 3130 ut
1090 3068 1232 3128 scriberet
1244 3081 1277 3129 et
1291 3091 1339 3131 ro-

245 3170 334 3238 garet.
379 3159 474 3220 Nemo
489 3181 557 3220 vero
571 3169 617 3220 est
630 3167 688 3218 taur
701 3159 861 3237 imperitus,
878 3163 949 3239 quin
965 3162 1048 3235 sciat,
1060 3163 1117 3222 hoc
1130 3181 1190 3220 uuo
1210 3163 1338 3223 maxime

246 3252 364 3312 differre
385 3253 490 3313 liberas
510 3252 652 3312 Civitates
669 3251 708 3310 ab
729 3253 815 3311 unius
836 3261 887 3310 aut
911 3271 1071 3330 paucorum
1090 3247 1227 3329 impe'rio,
1247 3254 1337 3331 quod,

247 3348 337 3421 quum
352 3345 430 3424 apud
450 3345 513 3404 illas
533 3343 686 3422 imperium
708 3343 746 3402 sit
762 3343 867 3421 legum,
882 3361 941 3404 non
960 3345 1119 3417 bominum,
1133 3345 1250 3422 legibus
1265 3345 1335 3423 ipsae

245 3521 322 3576 uibus,
332 3521 416 3583 quibus
424 3536 483 3582 opua
494 3530 557 3569 esset
567 3522 690 3583 quotannis
698 3521 728 3568 ad
736 3535 776 3568 su·
802 3521 882 3568 Altera
899 3519 959 3568 inter
974 3521 1169 3570 Demosthenieas
1185 3522 1281 3583 legitur,
1297 3522 1336 3568 ad·

245 3585 322 3644 spolia
338 3599 439 3632 munera.
478 3585 565 3644 Quidni
583 3592 657 3632 tamen
674 3585 720 3660 ipsi
737 3586 776 3633 sel
802 3585 1047 3647 veransl’brenlppnm
1063 3586 1272 3646 babitu,quartota
1285 3601 1335 3632 rer·

245 3647 283 3692 uni
300 3648 324 3692 in
342 3661 371 3693 eo
383 3649 450 3694 tidem
467 3648 606 3694 lemanni?
638 3649 721 3693 Pnuda
739 3657 776 3696 sat
801 3656 864 3695 satur
875 3650 899 3695 in
910 3651 938 3696 e'u
947 3651 1060 3704 instituto,
1072 3657 1096 3696 et
1100 3651 1207 3709 jucunda
1217 3649 1280 3696 lenta
1292 3657 1335 3696 est.

245 3715 270 3756 et
279 3709 373 3756 niarium
383 3726 449 3769 quam
466 3710 544 3771 inepta
558 3710 629 3757 l'etiti
645 3711 774 3758 emendatio
800 3713 901 3759 Verbum
918 3715 1006 3774 proprii
1017 3728 1074 3760 naus
1084 3714 1122 3760 bie
1133 3715 1232 3770 notabis,
1243 3713 1336 3760 emta·-

245 3773 355 3819 mss.
370 3788 393 3832 p.
404 3777 460 3822 ³⁷2.
478 3775 502 3819 in
523 3773 579 3828 illle,
596 3773 696 3834 ilium
715 3774 774 3831 bne,
800 3778 951 3828 ναιὶλλῆλοις.
1409 3830 1412 3838 ,

243 3835 256 3884 it
273 3836 344 3898 μικςᾷ
359 3835 442 3890 πλείους
463 3836 599 3897 σύμπαντες
618 3833 682 3883 οὗτοι.
726 3841 774 3886 Oc·
832 3841 953 3887 evidetur
968 3839 1081 3888 antidosis
1098 3841 1175 3887 locum
1188 3839 1334 3888 babuiaseiu

243 3900 306 3947 curri
317 3903 433 3961 praecipuo
449 3901 521 3947 errori
536 3901 635 3947 bominis
644 3902 668 3946 in
679 3909 734 3949 nota
745 3905 774 3950 ad
799 3903 905 3950 omnibus
928 3905 1058 3952 munoribus
1085 3905 1221 3960 aumtnoaia,
1243 3906 1289 3951 nun'
1312 3907 1334 3951 ia

242 3965 263 4028 ς.
275 3962 303 4024 ζ’.
314 3964 330 4010 l.
340 3981 361 4011 o.
372 3965 445 4025 ipsam
458 3967 612 4025 coniecturam
622 3979 668 4011 non
680 3965 772 4028 dignam
799 3967 849 4014 sola
867 3967 1016 4026 trierarebia;
1033 3983 1163 4030 quanquam
1181 3969 1205 4015 in
1221 3967 1266 4014 bau
1282 3983 1335 4014 ere·

242 4037 369 4077 memoratu
389 4029 457 4085 duxi,
479 4037 504 4075 ut
525 4028 614 4076 similes
635 4031 694 4077 alim
715 4031 774 4078 alio-
799 4030 871 4086 brius,
887 4047 955 4092 qnam
972 4033 1036 4078 alibi.
1077 4033 1115 4078 De
1132 4032 1242 4092 choragia
1260 4038 1335 4078 testes

241 4109 300 4143 rum·
798 4095 1167 4157 suntXenoplr.OEoun.Vll.8.
1193 4095 1275 4156 Lysias
1287 4097 1334 4141 Or.

272 4163 285 4190 ⁰
296 4160 355 4206 Duas
372 4164 465 4206 exstant
483 4159 559 4204 0ratt.
581 4157 633 4222 angl
651 4157 773 4213 initiam
798 4157 896 4205 XXlV.
907 4173 932 4220 p.
943 4161 998 4207 745.
1016 4159 1138 4206 Denoub.
1150 4159 1245 4220 Leptin
1259 4157 1334 4220 Μ.

240 4221 367 4283 inseripte,
387 4237 432 4270 nna
451 4223 570 4278 Isocratis,
588 4223 726 4284 composita,
746 4231 772 4270 nt
797 4222 826 4269 ad
837 4223 876 4270 fin.

240 4287 331 4346 opinor,
341 4288 435 4348 Olymp.
447 4290 502 4334 106.
518 4301 588 4347 qnnnr
604 4301 619 4333 a
633 4286 771 4346 layaimaobu
829 4285 981 4348 r'rrtqmn
990 4288 1107 4342 dixmnt,
1116 4299 1160 4334 nos
1169 4286 1244 4346 vulgo
1255 4287 1334 4332 iacea-

239 4350 338 4408 quodam
348 4352 378 4396 ael
389 4352 503 4397 antidosin
520 4356 616 4397 vocatus
632 4356 690 4396 erat.
722 4351 770 4398 Sed
795 4353 886 4398 tarium.

240 4409 317 4458 iubeo
325 4413 408 4476 μιλιηι
424 4413 491 4474 plura
507 4413 609 4472 reperias
622 4413 654 4458 de
663 4411 769 4460 oratoria
828 4414 1020 4475 rvmxsnoph.
1031 4415 1061 4462 de
1073 4415 1133 4476 llep.
1143 4415 1229 4468 Athen.
1241 4413 1294 4466 111.
1307 4417 1332 4462 4-

239 4474 288 4521 ulta
303 4479 327 4520 et
345 4475 436 4532 stndlia,
453 4490 522 4536 quam
540 4477 570 4524 de
590 4474 697 4525 instituto
716 4477 767 4527 illu.
796 4477 1142 4542 Demostb.l’bilipp.l.§.sy‘.
1229 4501 1234 4510 ·
