2959 5000
553 362 937 434 Pnounuouunns
1203 326 1286 438 369

188 518 460 596 pellicerium
470 543 563 603 genus
576 524 708 595 tolletur,
722 542 810 603 quom
825 523 849 581 si
860 520 967 583 omnis.
997 517 1132 593 Denique
1148 510 1287 590 Reipubl.

184 610 322 689 idipsum
337 617 469 695 expedit,
482 617 539 677 ulia
553 618 617 677 sliis
636 618 757 695 praeniu
778 614 934 695 proposita
947 630 1022 681 esse,
1038 618 1071 668 ut
1083 604 1241 666 virtutibus
1254 611 1287 661 et

185 703 337 767 beneficiis
359 710 467 769 civium
490 712 585 769 minus
607 708 780 787 splendidis,
804 706 903 785 quello
924 704 970 765 vel
993 698 1176 783 optatissima
1197 696 1284 755 nobis

183 814 248 855 esse
261 798 384 874 debent,
395 821 448 861 suu
459 822 573 862 merces
587 822 624 861 ne
634 800 741 861 desit.”
934 846 938 855 .

224 896 243 923 ‘⁴
258 891 434 971 captiosum
447 904 538 972 etque
552 894 691 972 Sophiste
704 893 825 972 dignum
841 900 886 951 est
900 896 1111 968 argumentum,
1127 901 1189 960 quo
1202 878 1285 939 litur-

181 981 240 1059 giae
262 985 398 1045 solennes
418 1006 487 1047 cum
510 987 678 1047 muneribus
699 986 790 1047 sacris
811 982 1045 1045 confunduntur.
1086 978 1161 1037 Num
1181 972 1283 1031 harum

180 1092 276 1135 rerum
291 1076 434 1139 diversam
454 1100 520 1140 esse
541 1080 695 1152 rationem,
708 1080 806 1158 palem
825 1086 887 1140 est:
912 1069 1004 1135 immo
1024 1092 1061 1131 ex
1080 1068 1216 1129 uniuerso
1237 1074 1283 1123 te·

180 1185 253 1227 nore
267 1169 341 1248 legis
350 1171 389 1230 sd
402 1172 551 1251 liquidum
562 1174 791 1250 confessumque
804 1167 929 1250 perduci
939 1173 1050 1245 potest,
1059 1160 1212 1245 Leptinen]
1225 1156 1282 1215 hoo

179 1260 323 1337 prolerre,
336 1283 396 1324 nou
407 1264 482 1344 quis.
491 1266 522 1325 id
537 1285 636 1325 verum
650 1274 745 1345 putet,
761 1262 812 1325 sed
827 1261 864 1323 sd
879 1270 1005 1338 temper,
1014 1268 1046 1319 et
1059 1264 1093 1315 ut
1105 1251 1222 1313 nomine
1236 1268 1282 1309 re-

178 1351 296 1429 ligionis
308 1357 502 1443 praeterendo
510 1358 660 1435 judicium
675 1357 786 1417 inllst.''

219 1445 275 1508 His
294 1449 425 1526 quidem,
441 1470 508 1528 quae
522 1450 563 1510 itu
584 1470 603 1508 u
618 1470 664 1535 me
677 1450 822 1509 collocata
837 1442 917 1517 suut,
935 1456 968 1504 ut
981 1440 1094 1504 facilius
1109 1458 1175 1499 cum
1191 1432 1280 1495 ratio·

178 1536 268 1596 uibus
278 1540 449 1613 edversslii,
464 1542 571 1620 quibus
585 1542 718 1622 quidque
731 1541 903 1621 respondet,
913 1536 1078 1616 comparari
1093 1532 1218 1613 possint,
1234 1526 1280 1586 ΜΒ

178 1628 270 1707 igitur
283 1632 497 1695 Demosthenes
515 1635 602 1713 pluro
615 1644 646 1693 et
664 1635 703 1695 ud
725 1632 962 1713 persuadendum
984 1627 1116 1707 potentia
1133 1630 1280 1683 momento

179 1720 350 1801 interponit,
363 1745 399 1783 ex
405 1724 474 1801 jure
486 1726 587 1785 Attico
602 1725 664 1786 lere
678 1726 783 1806 petitu,
798 1736 833 1785 ut
846 1724 929 1784 haec:

217 1820 236 1847 ‘⁴
252 1816 367 1878 Vitiosa
379 1828 425 1877 est
439 1819 583 1897 Leptines
601 1819 648 1878 lex
661 1819 790 1897 primum
811 1818 889 1887 ideo,
906 1812 987 1893 quod
1006 1820 1112 1871 auctor
1131 1808 1161 1866 iu
1177 1826 1211 1865 ea
1230 1824 1278 1864 ro·

176 1905 273 1983 gaude
288 1908 384 1986 legum
399 1929 540 1969 novarum
554 1910 592 1970 ed
608 1911 757 1988 Populum
773 1902 1121 1969 ferendarumformulus
1135 1899 1278 1976 legitimas

177 2006 209 2056 et
221 2001 430 2077 praescriptum
440 2000 493 2077 jus
507 2002 645 2079 migrauit
654 2003 679 2063 :⁹¹

218 2094 237 2122 ‘⁴
252 2091 403 2165 Secundo,
428 2093 509 2171 quod
528 2094 575 2173 vel
598 2092 755 2153 manifesto
778 2101 924 2171 repugnet
946 2088 1074 2169 receptis
1093 2084 1218 2164 legibus,
1232 2082 1279 2141 vel

177 2190 259 2241 certe
283 2182 437 2242 seutentiae
463 2204 564 2243 eurum
581 2197 611 2245 et
635 2185 770 2247 consilio.
813 2183 993 2261 Hujusmodi
1016 2202 1043 2240 v.
1059 2201 1086 2240 c.
1109 2189 1186 2251 sunt,
1209 2194 1276 2255 quae

177 2272 348 2334 sanciuntur
361 2274 399 2334 de
412 2294 501 2353 poeuo
515 2275 673 2355 irrogando
685 2276 724 2349 ei,
735 2277 787 2355 qui
799 2276 856 2335 sibi
867 2274 1020 2353 praemium
1034 2270 1146 2350 petat.’'

216 2371 235 2397 “
251 2366 350 2425 Etiam
368 2388 406 2426 ex
419 2368 476 2427 olis
490 2378 575 2447 purte
591 2369 639 2427 lex
658 2368 763 2429 vitiose
778 2375 823 2428 est
843 2369 874 2427 in
893 2367 961 2439 hoc,
982 2365 1063 2444 quod
1079 2360 1233 2423 Harmodii
1246 2367 1277 2419 et

175 2458 385 2539 Aristogitonis
401 2461 572 2539 progeniem
595 2462 713 2541 excipit.
757 2463 888 2542 Oportet
901 2460 978 2520 enim
994 2462 1098 2536 legem,
1113 2452 1276 2534 praesertim

171 2550 262 2610 latum
283 2554 314 2611 in
335 2553 426 2613 libera
441 2554 580 2629 Ciuitate,
599 2574 687 2632 aequa
708 2553 879 2614 conditione
893 2553 932 2614 de
950 2551 1030 2612 omni
1053 2550 1118 2609 cive
1138 2556 1276 2619 statuere,

173 2662 337 2706 necsecus
355 2656 453 2707 vetera
472 2657 526 2707 out
547 2647 708 2725 proterite,
729 2657 820 2726 atque
844 2666 920 2706 nove
939 2653 990 2704 aut
1013 2646 1113 2703 futura
1129 2639 1276 2719 judicare.

174 2737 213 2796 Et
224 2739 291 2814 quis
302 2739 378 2799 hunc
390 2738 574 2817 Reipublicae
587 2748 695 2800 uostrae
709 2739 860 2801 fortunam
874 2738 951 2798 odeo
964 2737 1100 2796 stabilem
1114 2731 1275 2812 proprium-

173 2850 232 2907 que
245 2841 367 2910 praestet
380 2830 520 2905 futurum,
535 2842 568 2892 ut
582 2852 734 2910 nunquam
750 2833 908 2911 quisquam
923 2830 1027 2892 eodem
1043 2827 1099 2887 sibi
1112 2827 1275 2906 deposcere

173 2937 274 3003 quent,
290 2944 357 3003 quae
370 2924 489 2984 duobus
502 2924 560 2984 illis
575 2926 644 2985 olim
658 2925 729 2987 date
741 2927 844 2988 suutl''

214 3017 304 3078 “Sed
319 3017 453 3076 nimirum
466 3017 598 3076 habebat
608 3017 698 3079 luctio
712 3017 889 3092 adversarie,
903 3018 1055 3078 curtalem
1069 3015 1164 3091 legem
1175 3012 1274 3073 ferret.

174 3111 300 3167 Exercet
318 3125 354 3165 eo
368 3107 529 3166 simultates
543 3127 611 3167 cum
629 3109 764 3186 pluribus
778 3131 817 3168 ex
831 3127 956 3168 numero
970 3105 1152 3177 immuniurn,
1167 3105 1274 3181 hisque

172 3197 297 3278 praemia
310 3215 363 3256 sus
373 3207 506 3275 ereptum
522 3199 593 3257 ibet.
630 3201 672 3258 At
686 3209 771 3278 turpe
783 3210 838 3272 est,
852 3209 885 3258 ut
899 3199 1028 3277 privatus
1042 3196 1163 3273 injurias
1174 3215 1273 3274 perse·

174 3310 276 3369 quere,
290 3289 466 3350 auctoritate
480 3289 602 3367 publico
621 3292 716 3364 abuti,
731 3303 762 3352 et
777 3291 897 3350 inimico
913 3299 966 3350 tuo
980 3290 1044 3368 lege
1055 3289 1176 3367 eripere,
1191 3289 1273 3366 quod

160 3382 367 3444 'accusatione
380 3391 411 3441 et
423 3381 542 3458 judicio
556 3383 686 3443 conflato
700 3385 815 3462 eripere
829 3402 888 3443 uon
903 3383 1040 3444 sudeus.''

213 3483 232 3511 ‘⁴
247 3476 381 3557 Syndlci,
393 3494 469 3553 quos
477 3475 611 3553 Populus
619 3476 729 3556 delegit
739 3477 797 3556 legi
807 3477 960 3555 Leptiueae
974 3475 1155 3545 defensores,
1164 3473 1271 3552 purtim

115 3569 118 3575 '
172 3571 304 3650 suspecti
323 3577 402 3643 sunt,
414 3569 521 3649 partlm
535 3568 689 3646 rejiciendi
702 3581 870 3651 propterea,
885 3571 965 3652 quod
987 3569 1066 3630 idem
1081 3569 1270 3630 ministerium

173 3663 214 3721 illi
224 3664 287 3740 jour
302 3671 370 3722 uute
383 3662 414 3722 in
428 3662 493 3722 aliis
505 3662 617 3722 caussis
632 3663 793 3738 secentur?

214 3761 233 3788 ‘⁴
250 3754 441 3833 Antiquuuds
455 3755 545 3833 igitur
559 3756 606 3815 lex
621 3757 763 3835 Leptinis,
778 3769 809 3818 et
822 3758 852 3817 in
866 3747 931 3837 ejus
950 3759 1050 3817 locum
1066 3755 1273 3817 substituendo

173 3845 249 3918 talis,
264 3863 332 3922 quae
346 3855 408 3905 tum
426 3847 553 3926 receptis
569 3848 687 3925 legibus
702 3869 762 3908 nou
777 3859 930 3928 repugnet,
946 3859 1009 3910 tum
1023 3850 1109 3910 bouae
1120 3849 1207 3912 famae
1222 3847 1273 3908 Ci-

172 3936 271 3998 vitstis
284 3945 394 3997 nostres
415 3940 559 4013 consulat,
574 3949 637 4002 tum
651 3942 858 4018 incommodis,
877 3943 900 4004 si
915 3963 975 4022 qua
988 3964 1024 4004 er
1038 3942 1271 4004 immunitatibus

171 4039 237 4092 ortu
247 4039 325 4102 sunt,
339 4030 500 4090 medenturc
512 4035 588 4094 etc.’'

212 4122 291 4183 Satis
313 4121 440 4182 diximus
452 4121 490 4182 de
503 4137 677 4202 argumento
698 4129 850 4189 Orationis
870 4139 901 4190 et
915 4137 994 4190 stulu
1014 4147 1145 4190 coussae:
1168 4125 1270 4202 itaque

204 4263 569 4325 circumducendum
589 4269 710 4330 leptim
734 4270 817 4335 duple,
832 4269 885 4327 lue
906 4273 917 4318 ὃ
937 4272 1011 4334 Δὲμκ
1035 4267 1106 4324 lim»
1123 4264 1195 4329 ⁸⁰5⁸<
1218 4263 1270 4316 'TW

172 4330 306 4391 opponitur,
317 4346 360 4377 nec
372 4331 569 4387 verberemus,
579 4347 624 4379 nes
638 4340 710 4380 totum
734 4351 756 4382 s.
774 4353 798 4384 e.
813 4346 836 4384 λ.
868 4339 901 4384 At
916 4342 998 4383 ructor
1013 4333 1102 4380 iudicet
1118 4330 1179 4392 ipss,
1200 4333 1272 4380 verbs

170 4395 316 4442 mnuutlsn.
348 4393 542 4454 Petiturquidem
555 4395 581 4442 in
599 4397 647 4445 lule
659 4399 712 4445 ΔΑ.
734 4399 794 4465 legis
811 4417 867 4449 sse
884 4398 1004 4448 ponderi.
1047 4395 1141 4458 Quippe
1157 4395 1192 4442 rio
1210 4411 1271 4458 pru·

172 4473 197 4519 p.
207 4460 263 4505 382.
273 4459 324 4506 tuse
337 4458 509 4522 verbeposuit,
527 4475 581 4522 qua
597 4460 623 4509 in
635 4466 710 4523 Argu·
734 4465 811 4520 intur:
826 4464 851 4511 el
862 4467 904 4526 7²<
915 4465 925 4511 d
937 4457 1082 4524 Δημοσθίῑωσ
1096 4455 1223 4516 itv'M'f‘t
1239 4459 1270 4510 '⁰'-

172 4528 254 4570 msnto
272 4522 355 4570 Gmoo
376 4524 492 4587 Anonymi
508 4525 625 4588 leguntur.
665 4531 712 4580 τὸς
734 4545 791 4590 pm

206 4611 268 4644 sou.
280 4613 311 4645 rr.
745 4605 787 4650 ³1
