2959 5000
509 375 875 443 enouucotuuuu.
1179 362 1264 447 375

168 540 258 603 docet
278 542 459 622 simpliciter,
474 503 620 620 Populum
639 540 670 599 in
688 539 860 619 symmories
874 537 1000 599 divisum
1019 560 1083 601 esse
1104 542 1266 605 Nausinico

168 636 257 696 llrcb.
272 635 393 715 olymp.
412 644 479 709 100,
493 641 522 695 8.
558 635 636 703 Quae
647 652 694 692 res
707 632 779 693 lieet
789 632 873 691 illum
882 652 972 692 unum
986 642 1135 694 auctorem
1146 636 1265 709 babeat,

167 736 344 805 tantumque
354 728 489 789 universe
504 726 623 807 prodite
632 727 681 805 sit,
696 734 727 786 et
739 745 776 785 eo
789 726 890 797 modo,
902 744 964 804 quo
978 726 1172 787 Grammatici
1183 728 1266 789 abuti
1313 788 1317 795 ,

166 820 272 891 solent,
291 820 321 880 id
343 828 398 893 est,
414 841 474 880 non
494 821 612 881 disertis
625 819 723 879 verbis
736 818 877 890 auctoris,
892 816 944 878 sed
967 838 1021 898 per
1037 816 1246 899 compendium
1259 848 1267 894 ς

167 913 229 973 seri
241 922 338 973 tamen
351 930 404 991 per
417 922 464 979 eet
474 913 579 985 simile,
588 911 759 973 Philochori
770 912 964 972 narrationem
978 913 1016 971 ad
1028 916 1161 993 eicpopdc
1175 915 1266 991 perti·

167 1024 249 1074 nere,
262 1005 425 1084 presertim
436 1024 528 1082 quum
539 1006 569 1064 in
582 1004 619 1065 iis
629 1023 738 1065 norum
752 1004 884 1065 ordinem
895 1004 1043 1081 quendam
1057 1003 1107 1063 illo
1117 1004 1266 1067 Archonte

167 1098 321 1157 inductum
335 1097 399 1175 ipse
418 1100 530 1158 Orator
541 1106 643 1159 noster
656 1116 715 1157 non
737 1098 862 1156 obscure
876 1097 1047 1175 significet.y
1082 1098 1168 1157 Adde
1186 1119 1264 1177 pree·

169 1200 259 1262 teres,
273 1189 356 1267 quod
370 1199 438 1250 ente
453 1191 575 1271 Olymp.
589 1196 660 1261 100,
676 1197 705 1251 0.
723 1189 806 1268 apud
819 1188 931 1248 nullum
942 1198 1083 1263 veterum,
1098 1191 1149 1267 qui
1162 1210 1265 1270 super-

169 1289 249 1352 sunt,
263 1300 302 1340 ne
313 1300 419 1342 nomen
434 1281 554 1361 quidem
568 1281 732 1361 symmorire
747 1282 778 1341 in
791 1289 896 1341 neutro
909 1301 1015 1359 genere
1030 1281 1131 1341 bellici
1140 1284 1266 1342 muneris

170 1373 324 1433 occurrit.²
364 1375 502 1435 Ceterum
526 1376 714 1434 vehementer
737 1372 816 1433 cives
842 1374 951 1453 pressit
978 1373 1035 1434 boc
1063 1393 1145 1434 onus.
1187 1374 1265 1437 Nam
1375 1402 1376 1407 ¹

169 1464 300 1543 quodem
313 1474 446 1544 tempore
463 1468 623 1548 reperimus
642 1485 694 1527 eos
713 1466 858 1545 quintam
871 1476 984 1547 partem
1006 1485 1168 1527 annuorum
1192 1465 1269 1527 redi-

129 1600 133 1607 .
170 1566 254 1617 tuum
268 1558 447 1632 contulisse3
470 1559 541 1637 quin
555 1560 654 1630 etiam,
670 1559 775 1637 siquis
788 1558 885 1637 plures
900 1560 1004 1620 domos
1018 1559 1160 1619 lundosve
1174 1560 1267 1637 possi-

169 1649 356 1721 debetcum
378 1651 534 1730 probabile
557 1660 602 1712 est
623 1652 747 1713 totidem
770 1652 937 1712 nominibus
957 1653 987 1710 iu
1001 1652 1125 1712 classem
1140 1669 1203 1712 esse
1216 1651 1267 1713 nd·

169 1742 335 1819 scriptum.²

207 1835 348 1912 Sequitur
370 1835 552 1907 trierarchia,
572 1856 646 1897 onus
668 1836 738 1895 olim
753 1835 903 1895 molestius
917 1844 947 1895 et
960 1835 1137 1895 sumtuosius
1159 1836 1267 1897 ceteris

167 1928 313 1999 omnibns,
321 1928 409 1987 etiem
420 1927 520 1997 bodie,
531 1945 702 2005 quenquam
712 1928 776 1986 sine
788 1936 894 1997 sumtu,
906 1928 1151 1999 molestissimum,
1163 1928 1265 2006 siquis

168 2021 311 2081 rationem
326 2022 392 2099 ejus
406 2021 525 2101 penitus
538 2038 716 2097 cognoscere
730 2020 843 2098 cupiat.
871 2020 993 2099 Quippe
1010 2040 1077 2099 quse
1094 2021 1203 2098 passim
1216 2040 1266 2081 re-

169 2126 247 2175 teres
262 2115 301 2174 de
317 2134 353 2173 ea
366 2113 515 2183 dixerunt,
532 2112 689 2188 diligenter
702 2112 732 2171 in
753 2131 843 2171 uuum
866 2113 1014 2172 conducta
1029 2131 1140 2173 cacam
1155 2112 1268 2177 faciunt

169 2207 275 2266 molem
301 2225 408 2276 rerum,
432 2205 481 2264 cni
504 2204 578 2262 lucis
599 2201 710 2281 aliquid
731 2202 838 2263 afferre
863 2202 1067 2264 difficillimum
1092 2215 1147 2265 est.
1188 2206 1266 2269 Nem

169 2318 262 2377 quum
275 2298 360 2359 aliam
374 2297 437 2356 eliis
447 2295 631 2373 tenporibus
646 2294 826 2355 trierarchire
840 2296 984 2356 rationem
998 2296 1097 2368 luisse,
1112 2308 1265 2377 totumque

168 2390 303 2451 ordinem
319 2388 479 2451 identidem
501 2389 683 2447 immutatum
696 2406 761 2447 esse
775 2396 899 2459 constet,
915 2389 1017 2447 harum
1032 2389 1266 2453 immutationum

168 2484 217 2544 rel
239 2483 329 2555 nulla,
354 2482 399 2542 vel
423 2481 594 2542 tenuissima
616 2480 702 2541 nobis
721 2480 751 2540 in
772 2480 855 2542 libris
868 2490 1000 2541 veterum
1021 2484 1142 2560 vestigia
1162 2484 1266 2546 relicta

168 2585 246 2638 snut.
288 2577 323 2635 ln
338 2576 495 2634 bisantem
511 2573 599 2634 rebus
611 2593 697 2632 nemo
710 2574 835 2652 ignorat,
851 2593 938 2653 quem
954 2593 1059 2654 perum
1075 2577 1193 2647 scietur,
1209 2577 1266 2638 nisi

167 2668 234 2751 quis
248 2677 381 2746 tempora
395 2667 479 2739 sciet,
493 2676 524 2726 et
537 2666 574 2725 ad
590 2685 696 2726 annum
716 2673 803 2726 suum
818 2667 960 2746 quodque
978 2668 1133 2755 redegerit.
1175 2671 1266 2740 Quod

168 2763 198 2824 ni
219 2762 284 2840 fiat,
299 2783 337 2822 ne
351 2761 380 2821 id
400 2748 527 2839 quidem
536 2758 611 2819 bene
625 2761 768 2839 explicari
789 2761 908 2838 poterit,
925 2760 997 2839 quid
1021 2761 1059 2820 sit
1079 2761 1265 2824 trierarchus.

167 2855 251 2916 Nihil
271 2855 348 2915 enirn
369 2873 424 2914 nos
440 2852 539 2930 juvat,
554 2852 577 2911 si
596 2854 663 2931 quis
683 2873 751 2912 cum
767 2853 855 2931 vulgo
876 2863 986 2931 narret,
1006 2852 1101 2913 civem
1120 2875 1196 2926 esse,
1213 2859 1265 2934 qui

167 2968 274 3010 narem
295 2949 442 3019 bellicam,
468 2955 648 3007 armamento
670 2946 796 3016 navalia,
821 2947 955 3026 remiges,
981 2947 1038 3006 alia
1061 2947 1126 3023 ejus
1152 2950 1266 3027 generis

166 3041 336 3121 prebuerit.
378 3041 442 3099 Nos
456 3039 547 3117 igitur
560 3037 791 3116 disputationem
809 3050 941 3112 nostram
961 3039 1002 3097 ita
1024 3040 1217 3120 instituemus,
1233 3051 1267 3103 ut

167 3133 296 3214 primum
309 3131 413 3219 paucis
428 3149 597 3207 qnaeramus
609 3131 648 3187 de
658 3131 825 3207 antiquiore
841 3141 941 3201 aetate,
955 3140 1019 3190 tum
1033 3132 1138 3192 ordine
1151 3153 1268 3196 eneme-

168 3243 244 3296 mus,
259 3243 327 3302 qnae
341 3222 435 3281 nostri
446 3221 582 3280 Oratoris
597 3221 709 3280 saeculo
722 3230 836 3280 mutata
850 3242 913 3282 esse
925 3223 1088 3283 videantur.

208 3318 274 3377 Jam
289 3313 520 3394 quadringentos
531 3311 600 3372 olim
611 3312 650 3371 ed
663 3312 846 3372 functionem
859 3313 1037 3373 trierarcbiae
1052 3314 1266 3393 essedelectos,

167 3409 247 3491 apud
263 3427 354 3468 unum
368 3405 598 3486 Xenophontem
612 3405 760 3484 legimus.b
800 3407 858 3467 Sed
871 3406 944 3467 nibil
956 3406 1005 3468 bie
1019 3408 1056 3468 de
1070 3409 1183 3470 ratione
1194 3412 1267 3472 deli-

169 3588 208 3626 οι
225 3577 249 3624 in
268 3575 364 3639 otyeu.
376 3575 407 3623 Α.
416 3572 475 3636 §.bb
508 3571 638 3636 npirspes
655 3571 706 3626 eler-
765 3573 1008 3635 ¹Propterposterins
1019 3575 1067 3624 rid.
1080 3577 1145 3624 Oret.
1156 3577 1209 3626 sdr.
1219 3580 1266 3630 Po-

168 3639 245 3704 pigne
266 3643 325 3688 seris
343 3638 477 3704 υνμμφίις·
494 3638 533 3686 mi
550 3636 573 3685 li
593 3654 615 3686 s.
635 3654 660 3684 r.
682 3647 706 3685 λ.
731 3637 953 3701 Ι]οΙ.ρ.1200.εᾱ.
965 3641 996 3686 R.
1029 3641 1100 3691 Prius
1110 3641 1169 3690 illud
1179 3643 1266 3694 factm

170 3706 253 3752 Oretio
270 3711 348 3753 utem
378 3705 429 3752 bac
448 3703 530 3752 habita
551 3711 590 3751 est
612 3703 707 3764 Olymp.
730 3708 844 3750 astoerte
857 3703 915 3752 ciro.
934 3703 1028 3766 olymp.
1039 3708 1105 3762 10³..
1119 3713 1179 3755 teste
1198 3709 1266 3760 Orat.

173 3771 232 3826 101,
240 3772 265 3816 4.
592 3795 595 3800 -
730 3767 753 3815 1.
772 3767 797 3814 in
808 3768 902 3830 Aphob.
919 3783 944 3831 p.
956 3771 1012 3819 81⁵.
1025 3771 1064 3818 ed.
1078 3773 1118 3828 ll..
1136 3775 1203 3835 cnjus
1217 3774 1266 3824 loci

19 3810 20 3823 ¹
87 3845 98 3890 ⁸.
202 3832 362 3880 rlndndrot.
375 3847 401 3893 p.
420 3835 476 3881 006.
493 3833 533 3880 ed.
550 3833 583 3880 li.
616 3831 664 3880 Ubi
681 3831 707 3877 in
731 3833 960 3882 mensurationem
977 3849 1028 3882 mm
1044 3836 1124 3884 landet
1147 3837 1264 3900 Herponr.

170 3906 306 3946 bunonem
316 3896 459 3957 attinguntur
468 3897 559 3961 strengel
568 3897 591 3943 et
601 3896 707 3946 taetnw-
730 3895 749 3944 l.
757 3912 779 3942 c.
813 3897 932 3946 Discimns
948 3898 1009 3958 inde,
1017 3908 1041 3948 et
1052 3918 1081 3950 er
1091 3904 1127 3950 11.
1137 3901 1162 3950 in
1173 3905 1267 3965 Apbob.

170 3962 257 4011 mbo.
289 3959 462 4021 Quapropter
477 3960 614 4010 Pbilocbori
629 3962 707 4010 locum
732 3976 757 4022 p.
768 3961 1000 4020 836.,collstestnm
1015 3967 1180 4016 Demosthenis
1192 3970 1265 4015 nomi·

170 4025 250 4089 potins
266 4023 419 4071 intellexerim
438 4039 490 4072 esse
501 4027 630 4074 callatim
639 4025 706 4074 Nae·
731 4041 761 4072 ne
777 4027 919 4074 stateribus
929 4030 980 4088 ejas
991 4045 1045 4078 esse
1056 4032 1086 4078 de
1095 4030 1165 4078 urinis
1175 4031 1266 4080 vicenis

170 4094 239 4140 deice
248 4087 318 4136 Aret.
329 4090 453 4144 maiorm,
468 4103 537 4151 quem
552 4090 707 4138 Nansinioum
732 4089 809 4150 quinis
828 4091 950 4140 draebmss
965 4095 1102 4156 quingenos,
1113 4109 1165 4155 qun
1175 4099 1220 4150 eet,
1240 4101 1267 4143 nt

171 4161 310 4218 qmwrem
319 4152 445 4215 quendem,
456 4160 483 4200 ut
500 4155 563 4216 epnd
575 4155 660 4203 Reisk.
671 4163 709 4202 est
732 4155 794 4209 dixi.
805 4156 883 4217 quinte
900 4171 963 4217 pers.
996 4158 1137 4218 Apponitur,
1155 4171 1201 4204 non
1211 4157 1265 4218 plns

172 4223 197 4269 in
218 4221 270 4268 lnd.
292 4216 506 4265 nomeriis-luston
539 4219 607 4266 (loni.
621 4219 707 4280 'l'eylo-
733 4219 828 4268 dedisse
838 4221 986 4270 'limotbenm
1004 4220 1115 4276 Cononis,
1132 4230 1157 4268 et
1177 4221 1267 4272 ditissi-

171 4280 535 4346 rrminNot.§.eY.etGorsini
544 4283 707 4332 F.A.‘1'.111.
733 4299 792 4332 mos.
825 4285 1005 4334 Orationesillrs
1021 4284 1216 4347 omninmprima
1230 4288 1266 4336 tn·

171 4366 197 4413 p.
207 4353 264 4398 301.
731 4357 798 4398 munt
819 4351 917 4407 Nostro,
942 4351 1025 4398 babitu
1049 4348 1144 4409 olymp.
1163 4353 1219 4408 104,
1242 4359 1265 4401 1.

206 4415 291 4461 ²llnua
312 4413 437 4469 locasset,
452 4412 493 4472 qni
511 4411 567 4458 heic
588 4411 708 4458 uolentia
733 4413 796 4462 Utile
808 4415 854 4464 erit
870 4415 894 4460 in
915 4413 952 4462 bis
971 4417 1050 4470 rebus,
1073 4415 1150 4474 quood
1170 4419 1266 4477 poterit,

172 4476 264 4526 obstare
282 4477 397 4535 ridentur,
424 4479 487 4540 epod
514 4478 607 4526 lenm.
653 4477 708 4525 Vid.
732 4477 992 4539 nbiqdeauctcritetnrn
1001 4484 1107 4540 tempora
1117 4488 1233 4530 annotare.

172 4550 251 4592 mian
268 4557 280 4591 r
298 4544 384 4604 pm.
766 4541 1041 4602 suscepturum.
1054 4543 1139 4593 ltus.
1172 4545 1267 4608 filim·
