2959 5000
536 364 902 437 promunturiur.
1161 356 1242 445 357

155 530 235 601 Quin
246 529 327 610 apud
347 528 509 609 auditores,
524 531 627 610 qusles
640 530 766 591 Athesis
781 528 841 589 iere
855 533 967 605 urent,
980 526 1011 587 in
1024 526 1090 589 loro
1109 536 1198 610 etque
1215 533 1246 593 iu

150 622 286 700 judiciis,
304 623 336 683 id
348 633 405 694 est,
426 622 560 684 homines
572 622 645 683 mire
664 622 741 683 inter
761 640 792 683 se
811 620 939 699 iugenio,
954 621 1083 681 moribus
1096 631 1127 682 et
1139 621 1247 702 peritis

153 734 253 777 rerum
265 715 407 793 dispares,
420 734 501 794 srepe
514 714 590 775 adeo
603 733 681 793 opus
700 732 766 772 esse
785 712 893 791 potuit,
908 712 1079 790 gravissima
1097 724 1247 777 momenta

153 808 301 871 rationum
313 808 416 871 animis
427 816 459 868 et
469 807 615 868 memoriae
628 805 788 885 impensius
801 804 996 874 inculcare,st
1004 806 1063 867 boc
1072 816 1163 887 pacto
1176 828 1246 888 neg·

152 902 305 982 ligentium
319 922 438 983 quoque
451 922 489 965 sc
501 902 706 963 relucmtinm
730 919 879 962 aseneum
892 908 1075 979 extorquere.
1117 904 1178 975 Qui
1190 920 1246 983 pro

154 995 299 1058 concione
312 994 354 1055 ibi
367 996 507 1055 voluisset
516 993 724 1073 Thucydidios
736 1012 812 1064 esse,
822 1012 868 1053 nee
883 992 927 1053 illi
938 992 1173 1071 intempestivum
1184 1004 1246 1055 stu·

154 1086 236 1148 dium
255 1106 360 1167 meguo
374 1085 528 1147 eutimtr
568 1085 688 1158 Verum,
702 1092 737 1145 nt
749 1084 823 1163 dixi,
844 1083 892 1143 bic
913 1082 991 1143 baud
1005 1082 1091 1145 facile
1105 1085 1166 1146 ulls
1179 1104 1248 1147 seu·

154 1180 247 1241 mutis
258 1180 390 1251 iteratur,
404 1196 494 1258 quam
512 1196 571 1237 noo
584 1177 644 1238 elio
658 1186 747 1256 etque
758 1176 816 1236 elio
829 1176 930 1237 colere
943 1175 1093 1237 inductam
1107 1177 1249 1239 noritstis

156 1271 294 1350 quaedam
306 1271 421 1350 species
430 1270 626 1331 commendet.
641 1315 646 1323 «
669 1270 729 1331 Sed
740 1270 807 1331 hee
821 1268 910 1329 ethis
930 1268 1034 1329 similis
1046 1270 1171 1348 quilibet
1182 1271 1246 1331 siue

156 1363 218 1439 nlla
232 1362 371 1423 doctriua
389 1362 518 1423 invenire
531 1362 657 1442 legendo
670 1372 702 1423 et
720 1361 887 1423 existimare
900 1362 1028 1440 poterit:
1052 1382 1106 1422 nos
1127 1380 1247 1442 agemus

155 1455 199 1526 id,
216 1454 302 1535 qood
320 1454 472 1533 proprium
485 1464 532 1514 est
545 1455 746 1539 Grammaticl,
762 1464 795 1515 ut
811 1454 915 1515 lectori
936 1453 1010 1515 viam
1031 1455 1192 1533 aperiamus
1208 1454 1249 1517 ad

155 1566 300 1617 monem,
311 1545 343 1606 in
354 1564 413 1625 qus
427 1547 533 1607 Oratio
545 1547 647 1608 babitu
659 1558 714 1619 est,
725 1545 971 1625 cognoscendam.

195 1638 237 1713 Is,
247 1658 335 1718 quem
346 1639 456 1699 Noster
467 1638 497 1700 io
510 1658 547 1699 ee
558 1638 757 1701 adversarium
770 1640 872 1709 babet,
883 1638 1025 1717 Leptines
1037 1640 1131 1717 legem
1141 1640 1249 1703 tulerat

154 1732 290 1804 Athenis,
306 1740 341 1791 nt
358 1748 432 1811 quse
444 1732 641 1793 immunitates
662 1733 783 1793 bonoris
801 1750 911 1793 caussa·
922 1730 1021 1791 adbuc
1042 1732 1118 1792 bene
1137 1734 1248 1795 meritis

155 1822 267 1885 civibus
280 1824 404 1885 concedi
418 1822 557 1886 uenatum
575 1833 664 1897 esset,
679 1844 723 1885 ese
738 1822 848 1902 pariter
861 1822 1010 1893 omnibus,
1027 1822 1078 1899 qui
1097 1842 1148 1884 eas
1161 1842 1247 1886 scoe-

155 1916 278 1995 pitscnt,
302 1916 508 1989 adimerentur,
530 1926 562 1977 et
589 1919 678 1995 plane
700 1917 875 1976 tollerentur
898 1915 927 1972 in
953 1914 1098 1991 reliquum
1123 1926 1248 1995 ternpus.

155 2010 220 2069 Jam
239 2028 330 2087 quum
347 2009 377 2067 in
397 2008 448 2066 ills
460 2007 587 2086 Repobl
604 2008 714 2085 cuique
734 2008 848 2079 liceret,
863 2005 985 2084 perlatae
998 2025 1034 2067 ac
1047 2006 1167 2084 publice
1180 2006 1248 2067 lise

154 2103 365 2182 legislatorem
379 2119 461 2176 mum
474 2119 571 2178 egere,
586 2100 675 2161 modo
688 2109 721 2176 ut
733 2102 764 2160 id
784 2101 861 2160 iutra
880 2118 948 2159 eum
961 2118 1069 2159 sonum
1081 2100 1176 2173 tieret,
1189 2120 1249 2181 quo

155 2195 271 2273 rogatio
293 2202 371 2253 esset
391 2194 594 2271 promulgeta3
615 2192 766 2253 accusavit
783 2192 824 2251 itu
837 2191 919 2251 illum
937 2192 1101 2272 Detbippus
1120 2182 1250 2278 quidabr,

154 2284 405 2364 subscriptoribus
416 2284 557 2344 duobos
596 2283 829 2361 subscriptionis
847 2282 926 2342 eninr
940 2302 1014 2353 mos,
1029 2303 1116 2362 quem
1132 2294 1250 2349 constat

157 2380 263 2441 Romte
276 2377 376 2457 fuisse,
388 2377 465 2436 idem
487 2375 518 2435 in
533 2375 636 2435 Attico
656 2375 721 2436 foro
742 2374 845 2453 viguit.
887 2374 945 2434 Sed
966 2376 1114 2456 Batbippo
1134 2388 1250 2439 mortuo

156 2480 237 2543 ente,
248 2488 336 2550 qaam
350 2488 386 2531 ea
396 2487 499 2530 caussa
511 2468 541 2529 in
551 2466 700 2546 judicium
714 2465 846 2528 deducta
858 2474 946 2539 esset,
960 2486 1050 2546 quum
1065 2468 1182 2546 reliqui,
1195 2468 1251 2548 (br-

96 2591 100 2596 ·
157 2552 406 2642 certum,sponte
427 2581 464 2622 an
486 2561 610 2622 consilio
625 2561 769 2640 Leptinis)
789 2560 828 2620 ab
849 2561 1037 2622 accusatione
1056 2562 1250 2644 destitissent,

156 2655 207 2716 alii
219 2655 280 2716 duo
301 2664 406 2734 postes
425 2653 588 2732 eliquanto,
603 2662 683 2714 certe
695 2671 773 2712 anno
793 2651 844 2712 illo
865 2654 979 2732 elapso,
993 2655 1086 2715 exorti
1107 2662 1185 2729 sunt,
1198 2655 1250 2735 qui

157 2749 228 2827 legis
248 2756 387 2825 tanquam
401 2745 516 2806 vitiosae
533 2755 564 2805 et
584 2746 759 2824 perniciosae
779 2745 999 2824 abrogationem
1020 2758 1248 2809 commoverent.

156 2840 205 2900 illi
219 2839 280 2900 duo
294 2838 411 2900 fuerunt
425 2837 591 2918 Apbepeio,
607 2836 684 2898 filius
701 2829 854 2916 Bathippi,
868 2846 899 2897 et
913 2838 1080 2918 Ctesippus,
1102 2833 1250 2914 Cbaliriae,

156 2931 228 2992 cleri
245 2931 450 3010 imperatoris!
490 2931 528 2990 Et
548 2929 619 2990 boio
633 2930 756 3008 quidem
779 2928 809 2989 id
827 2929 975 3007 negotium
993 2933 1146 3011 proprium
1160 2932 1253 2994 luisse

156 3031 280 3101 propter
292 3021 504 3082 immunitatem
517 3021 595 3099 patri
604 3023 713 3094 datam,
728 3021 798 3083 satis
813 3022 944 3083 declarat
956 3024 981 3083 is
994 3025 1145 3086 Orationis
1156 3028 1249 3102 locus,

158 3113 213 3190 qui
225 3122 272 3172 est
281 3113 319 3171 de
332 3112 469 3171 laudibus
480 3111 617 3172 Chebrioe
628 3120 646 3170 :¹
660 3114 698 3171 de
712 3112 904 3191 Aphepsione
918 3114 990 3172 nibil
1000 3115 1069 3187 tale,
1085 3136 1180 3195 usque
1191 3117 1251 3196 bic,

159 3202 347 3281 nequealibi,
360 3202 506 3280 proditur.
546 3203 603 3263 Sed
612 3203 733 3262 omnino
744 3203 832 3279 hujus
843 3203 968 3263 bominis
981 3222 1038 3263 non
1048 3207 1150 3286 maffia,
1161 3227 1250 3286 quana
1320 3231 1325 3238 ’

157 3293 310 3374 Bstbippi,
336 3293 396 3354 ulls
415 3294 555 3354 rosmoda
575 3304 690 3364 esstat3
713 3295 837 3354 alterum
862 3302 945 3354 tanto
972 3297 1107 3358 norimus
1130 3301 1251 3363 melius.⁸

189 3487 492 3538 rceetcieeroeienree
506 3487 692 3536 abbatom.
716 3485 930 3552 amoenam
950 3488 1077 3546 ursicsel
1099 3488 1171 3545 sule
1190 3489 1272 3555 μηθ’,

157 3559 214 3604 ο.9.
245 3554 277 3602 At
285 3555 359 3602 octies
370 3551 530 3616 'l'hueydidem
542 3551 594 3615 ipse
605 3553 691 3602 Demo-
716 3555 816 3612 sireis,
832 3549 861 3609 eie
879 3553 985 3617 aalma
1008 3551 1143 3617 sipontina
1163 3553 1251 3616 ylrlrse.

158 3619 252 3666 stbeoes
276 3619 440 3680 descripserat,
467 3616 488 3664 si
509 3633 565 3664 vers
590 3617 692 3666 ssrrsrit
715 3619 925 3681 Albominibujus
942 3618 1126 3682 lsmilicpsrum
1142 3621 1251 3675 idcibs-

159 3682 257 3730 lsuoian.
280 3683 334 3730 etv.
356 3683 448 3731 lodoct.
464 3679 492 3730 Τ.
515 3680 565 3729 111.
587 3696 612 3744 p.
635 3686 691 3731 tos.
715 3683 814 3732 buerim.

158 3745 226 3792 coni.
245 3744 351 3806 Agstbie
372 3747 438 3794 Hist.
457 3745 493 3794 11.
511 3761 536 3808 p.
552 3749 593 3796 48.
609 3747 691 3796 Veoet.
750 3745 856 3802 ·vir.t.
870 3745 905 3812 ιζ.

158 3807 276 3858 Nimirum
286 3810 310 3857 io
319 3810 409 3872 merois
419 3810 572 3872 scriptoribus
583 3811 646 3858 eliud
657 3811 692 3859 le-
750 3811 759 3845 t
768 3813 889 3874 Praecipue
905 3827 935 3860 ex
945 3811 1065 3862 Plutsrob.
1076 3813 1149 3864 Pboo-
1160 3831 1186 3879 p.
1193 3819 1251 3868 ⁷44.

176 3874 182 3886 '
220 3888 273 3920 omo
283 3871 519 3934 iugminsssffllorom
528 3875 620 3932 similis,
629 3875 692 3924 eliud
717 3875 748 3924 E.
768 3884 792 3924 et
813 3893 843 3925 ex
864 3877 976 3925 iumen
993 3877 1036 3926 IV.
1058 3894 1083 3943 p.
1103 3883 1168 3939 165,
1186 3883 1252 3945 spud

159 3952 230 3985 servs
247 3936 466 3986 ustioiruitstorom.
497 3940 623 3990 lddooent
641 3955 694 3988 rurs
717 3955 786 4001 quem
811 3940 910 4002 Dipbili,
935 3941 1055 3999 lincolie,
1078 3950 1102 3992 et
1129 3945 1252 3994 Mensedri

159 4001 184 4050 ie
197 4000 355 4049 Demosthene
368 4001 613 4065 vestigisimitstiouis
629 4005 694 4054 'Ibu-
718 4004 1123 4068 sersurdtheeippoprolernutur.
1156 4009 1252 4057 Postre-
1283 4061 1285 4066 ,

160 4065 271 4129 cydidiss.
717 4069 751 4116 mi
778 4079 852 4132 poster
874 4070 1026 4132 inruentum
1053 4079 1091 4120 est
1112 4087 1144 4118 cx
1164 4071 1252 4128 lebuls,

168 4129 273 4177 .rVid.
291 4129 356 4176 Oret.
373 4127 393 4190 §.
408 4129 446 4175 λά.
467 4138 492 4178 et
510 4131 607 4194 Argum.
622 4149 693 4196 gree.
714 4130 792 4196 'omi
808 4149 875 4195 qoem
887 4133 987 4182 omnium
1006 4133 1104 4197 primum
1122 4134 1205 4186 docuit
1217 4137 1251 4181 0-

159 4193 205 4242 ssd
234 4208 346 4255 uusqmm
366 4191 459 4240 illorum
485 4194 582 4246 duorum
602 4197 694 4246 sossius
717 4197 793 4307 gosp.
814 4203 871 4255 114,
893 4202 965 4246 scut
981 4205 1018 4246 est
1040 4199 1102 4259 spud
1125 4197 1251 4246 Eusebia

159 4259 277 4321 legostur.
387 4273 392 4282 ·
739 4262 805 4310 bros.
826 4261 1205 4311 &numerisrumeris
1223 4263 1252 4311 Τ.

192 4323 272 4386 'Beue
283 4337 314 4370 es
329 4321 487 4370 Demosthene
502 4322 532 4370 de
547 4321 585 4369 bis
603 4323 695 4371 duobos
718 4325 764 4374 IV.
775 4343 800 4390 p.
816 4329 857 4377 54.
873 4341 922 4388 seq.
954 4325 1118 4386 Pisgmeutnm
1134 4323 1211 4372 intulit
1226 4325 1252 4374 iu

161 4393 249 4434 tentare
260 4392 360 4434 esseut.
391 4388 480 4434 Auctor
490 4394 567 4434 umen
581 4387 695 4436 brevioris
719 4390 861 4440 Menandree
881 4405 922 4438 sus
938 4389 1044 4437 clericus
1061 4401 1086 4449 p.
1104 4389 1158 4438 136.
1193 4390 1252 4440 Per·

162 4448 338 4508 Argumentis
357 4451 427 4498 nobis
444 4450 534 4508 omissi,
560 4465 613 4498 uem
625 4451 693 4500 bibe-
718 4455 847 4504 ditissimos
859 4453 942 4501 nebulo
953 4453 996 4499 ruit
1004 4451 1049 4500 iste
1063 4450 1254 4511 liliusberoie,st

162 4512 224 4562 sium
234 4513 319 4571 beart,
328 4514 362 4564 sio
372 4515 468 4565 scribit:
485 4525 543 4581 seps
577 4513 695 4576 ,saltri-
720 4520 784 4570 omui
806 4517 886 4585 generi
902 4515 1002 4570 luxuria
1022 4519 1047 4564 et
1068 4515 1176 4580 nequitie
1187 4517 1254 4566 dedi·
