2959 5000
495 354 859 427 enonaoounna.
1141 336 1225 423 387

131 514 326 578 Athenienses
340 536 397 577 nec
416 534 526 597 corpus
538 516 638 597 legnin
651 536 768 579 enarum
790 516 849 577 ulla
868 522 953 596 parte
966 522 1075 577 temere
1088 504 1224 586 mutilari,

130 628 186 669 nec
199 610 297 689 plnres
310 608 349 671 de
362 628 420 669 una
429 610 593 689 eademqne
604 628 636 669 re
649 610 730 689 leges
740 610 846 680 inesse,
856 627 925 686 qure
938 608 1083 671 sententia
1093 609 1221 669 dissonae

18 698 29 731 ²
129 710 227 761 essent
238 702 285 761 rel
297 700 374 761 inter
393 722 425 761 se
439 702 606 763 contraria.
646 703 695 761 lta
706 702 783 762 enirn
797 701 900 781 vulgus
915 701 991 778 juris
1005 702 1135 779 ignarum
1150 720 1221 760 con·

128 793 251 865 turbari,
269 800 300 852 et
316 792 419 853 rudem
436 794 633 854 innocentiam
651 811 669 852 a
689 791 878 871 peritioribus
896 792 1100 883 circumveniri
1117 801 1148 852 at
1166 810 1221 872 op·

125 884 226 963 primi,
242 900 340 963 neque
360 886 457 964 ipsum
471 886 605 963 judice·
624 902 739 945 serrare
759 903 847 963 posse
866 882 1084 961 jusjurandum,
1102 904 1139 945 or
1159 904 1221 963 qno

127 977 304 1037 sententiam
316 976 392 1037 terre
413 978 450 1037 ad
469 976 642 1057 praescripta
660 978 758 1056 legum
779 975 918 1045 deberet3
937 977 1073 1036 omnibus
1093 977 1221 1038 oblatam

18 1089 25 1106 ·
126 1070 216 1147 plene
231 1070 302 1147 jura
314 1068 447 1129 discendi
459 1069 733 1151 facultatemunicc
746 1068 901 1127 convenire
915 1066 1064 1127 libertati.y
1105 1069 1140 1127 ln
1158 1087 1221 1145 quo

18 1179 19 1200 ³
53 1178 65 1191 ⁴
128 1160 224 1221 multo
235 1161 277 1220 illi
290 1161 375 1220 aliter
385 1158 530 1238 lecerunt,
544 1180 635 1240 quarn
655 1159 789 1230 Romani,
804 1158 912 1218 callide
925 1158 1074 1237 impeditis
1089 1154 1220 1219 formulis

126 1261 160 1312 et
179 1252 294 1329 laqueis
313 1252 369 1323 nsi,
388 1272 450 1330 quo
468 1252 615 1313 difficilior
633 1252 711 1329 juris
734 1250 856 1311 scientia
880 1246 972 1309 lieret.
1013 1248 1221 1309 Verumtamen

129 1361 221 1421 qnam
234 1344 317 1405 nullo
329 1352 418 1423 pacto
437 1345 508 1405 satis
526 1345 622 1405 careri
642 1352 745 1423 posset
759 1342 893 1412 Athenis,
909 1360 946 1401 ne
959 1341 1038 1419 leges
1059 1342 1225 1427 irreperent
1295 1414 1298 1421 y

129 1439 302 1515 παρανόμως
315 1437 453 1514 scriptae:
473 1454 683 1515 nonnunquam
697 1436 765 1495 viria
779 1444 862 1495 extra
877 1433 1008 1495 ordinem
1028 1431 1150 1493 delectis
1171 1452 1221 1493 ne·

127 1528 239 1607 gotium
252 1528 352 1589 datum
365 1538 411 1587 est
430 1528 660 1607 recognoscendi
672 1546 784 1600 omnes,
798 1536 829 1585 et
842 1526 1003 1585 contrarias
1018 1526 1092 1586 inter
1109 1545 1140 1585 se
1153 1525 1221 1585 seli-

18 1633 21 1665 ὲ
128 1618 241 1699 pendi.¹
278 1620 318 1679 Et
330 1621 388 1679 alia
397 1620 561 1699 recognitio
574 1622 670 1698 legum
684 1638 781 1679 annua
791 1618 858 1688 luit,
869 1617 907 1678 de
917 1636 974 1696 qua
986 1619 1083 1695 paullo
1096 1628 1165 1696 post
1174 1618 1220 1678 di·

127 1712 216 1772 cendi
225 1713 308 1771 locus
322 1712 387 1773 erit
494 1792 498 1797 .
709 1741 713 1749 ’

165 1806 237 1865 Non
247 1815 345 1866 antem
359 1808 385 1866 is
397 1807 491 1867 solnm
501 1814 652 1888 παράνομα
665 1826 782 1885 rogasse
793 1804 983 1884 arguebatur,
996 1804 1046 1881 qui
1060 1806 1153 1881 legem
1161 1804 1219 1881 legi

128 1900 228 1971 reteri,
240 1898 367 1971 necdum
378 1900 514 1969 sublatae,
529 1908 741 1977 repugnantem
759 1898 874 1967 tulerat,
890 1896 941 1957 sed
956 1896 1044 1956 etiam
1059 1897 1092 1967 is,
1108 1896 1160 1974 qui
1175 1895 1220 1954 uel

128 1987 158 2045 in
171 1997 256 2065 parte
268 1996 321 2046 aut
334 1991 432 2065 capite
450 2008 534 2047 novre
548 1989 622 2065 legis
636 1988 799 2066 quidquam
823 1997 961 2065 posuerat
976 1996 1077 2047 contra
1092 2006 1136 2057 ea,
1150 2004 1219 2063 quae

127 2086 256 2145 veterem
280 2080 485 2139 auctoritatem
507 2081 673 2140 haberent·
713 2081 777 2139 Nec
805 2081 898 2139 minus
923 2080 1037 2139 curiose
1061 2080 1219 2141 videndum

127 2177 192 2230 erat
204 2170 344 2246 rogatori,
355 2188 393 2229 ne
405 2170 476 2248 qnid
491 2170 601 2249 proprii
615 2171 660 2229 sui
673 2188 872 2249 paucorumve
887 2170 1035 2230 commodi
1050 2188 1153 2230 caussa
1166 2187 1220 2249 po-

127 2269 223 2329 neret,
239 2278 278 2319 ne
296 2259 368 2337 quid
389 2279 443 2339 per
462 2279 494 2319 se
507 2260 658 2337 injustum,
673 2260 812 2338 Reipubl.
827 2260 1009 2331 indecorum,
1024 2261 1142 2324 utilitati
1156 2260 1222 2339 ejus
1324 2330 1325 2333 Ἴ

128 2351 267 2422 alienum,
282 2370 320 2410 nc
334 2352 406 2429 qnid
427 2352 547 2411 omnino
567 2351 727 2412 accusandi
749 2370 849 2413 ansam
870 2353 1020 2413 malevolis
1035 2353 1219 2423 habiturum:

129 2442 258 2521 denique
279 2462 316 2503 ne
338 2442 411 2521 quid
432 2452 571 2522 peccaret
591 2444 621 2504 in
642 2452 783 2523 tempore,
799 2444 881 2519 locis,
901 2455 964 2506 toto
984 2446 1086 2509 ordine
1105 2447 1220 2526 agendi.

128 2535 207 2593 Nam
229 2536 379 2596 habebant
399 2537 465 2596 haec
485 2537 582 2598 omnia
595 2527 746 2597 cantiones
760 2557 837 2608 snas,
851 2547 993 2617 erantque
1006 2533 1137 2618 antiquis
1149 2541 1221 2620 legi·

127 2627 184 2686 bus
205 2627 328 2689 sancita.
368 2628 433 2689 Nec
446 2629 564 2706 injuria.
604 2629 759 2689 certarum
773 2630 850 2690 enim
871 2631 901 2690 in
915 2630 968 2690 tali
982 2651 1014 2691 re
1029 2631 1219 2694 formularum

128 2737 197 2778 usna
217 2739 254 2778 eo
272 2719 369 2779 valere
389 2721 474 2792 solet,
488 2729 522 2780 nt
535 2720 680 2798 Populum
701 2721 838 2780 tutiorem
859 2721 1045 2784 airaudibus
1058 2733 1089 2784 et
1109 2725 1220 2786 insidiis

126 2821 279 2888 praestent,
295 2821 325 2870 et
338 2813 531 2871 temeritatem
545 2821 675 2872 arceant.
716 2814 821 2898 ltaque
836 2813 885 2874 lric
903 2814 977 2874 ordo
997 2816 1039 2874 rei
1056 2816 1220 2892 praefinitus

128 2899 214 2964 crat*
254 2901 285 2961 Si
306 2903 373 2980 quis
385 2903 493 2964 civium
511 2904 584 2983 legis
599 2903 753 2964 formulam
767 2905 846 2964 domi
862 2915 1048 2984 conceperat,
1063 2909 1156 2986 primo
1170 2910 1221 2970 de-

128 2995 220 3055 bebat
232 3013 296 3053 eam
312 2995 342 3051 in
352 2994 423 3052 albo
437 2997 577 3073 scriptam
588 3016 642 3074 per
650 2997 773 3075 aliquod
785 3005 901 3074 tempus
913 2997 1031 3075 publice
1042 3017 1218 3079 proponere,

127 3097 225 3148 vetere
234 3086 293 3155 illa,
304 3103 392 3161 quam
405 3087 717 3163 abrogabatadjecta,
728 3097 762 3146 nt
772 3089 908 3147 omnibus
919 3091 1007 3167 copia
1018 3089 1101 3161 fieret
1111 3093 1219 3170 saepius

129 3175 247 3256 legendi
275 3172 438 3252 utrimque,
462 3177 647 3236 consultandi
673 3197 742 3236 curn
766 3177 876 3248 amicis,
899 3179 1125 3256 judicandique,
1155 3193 1221 3242 utra

129 3269 213 3328 alteri
237 3265 423 3346 praet'erenda
446 3275 533 3325 esset.
575 3270 670 3328 Locus
695 3266 900 3345 promulgandi
925 3278 989 3327 erat
1015 3280 1084 3329 ante
1110 3281 1220 3334 statuas

75 3390 79 3398 ·
130 3363 372 3441 Eponymorum.‘
413 3357 552 3420 Secundo
564 3359 639 3440 legis
656 3359 793 3421 recitatio
816 3359 905 3420 semel
930 3361 1095 3439 iterumque
1118 3365 1149 3423 in
1170 3386 1220 3426 ec-

163 3528 386 3592 svid.0rst.§.nt.
401 3527 569 3578 Timocratem
584 3530 663 3594 singu·
687 3531 831 3592 monime
851 3530 898 3579 ml
917 3533 960 3580 rb
976 3532 1060 3598 lantper
1084 3497 1221 3597 eupolum

131 3595 194 3644 lirin
204 3595 263 3642 locis
275 3594 348 3642 citare
358 3592 415 3640 nittt
428 3609 488 3656 opas
500 3601 543 3643 est.
686 3597 725 3643 τὴν
746 3592 868 3644 mennaha
910 3596 943 3643 tr
963 3613 1009 3646 non
1029 3598 1105 3646 minna
1127 3615 1155 3646 ex
1176 3601 1219 3647 heo

163 3661 218 3707 ¹De
229 3658 270 3704 tali
286 3657 447 3719 recognitione
463 3659 553 3721 accipio
570 3661 663 3721 Oratq.
687 3659 779 3707 ratione
790 3661 861 3707 rerba
867 3663 953 3721 junges
965 3677 1017 3710 oum
1025 3663 1157 3726 purirtpto,
1174 3661 1219 3712 ire·

132 3721 160 3770 n'.
171 3723 200 3769 ed
209 3721 255 3777 fin„
270 3735 397 3782 quenquam
409 3737 448 3770 res
465 3723 511 3771 alio
521 3731 581 3771 terte
591 3731 663 3771 cerat.
688 3722 797 3783 λέξοντας.

133 3788 187 3834 Neo
198 3786 249 3846 ipsa
259 3784 373 3832 lrioloons
389 3787 553 3836 Demostlmir
564 3790 594 3836 ab
602 3787 664 3836 omni
719 3793 732 3820 ¹
744 3787 798 3854 qu
814 3788 837 3835 in
857 3795 949 3851 promtu
968 3796 1006 3838 est
1024 3805 1054 3838 ex
1067 3793 1132 3840 Orat.
1150 3789 1218 3854 §.ad

131 3856 200 3916 perta
218 3846 296 3895 oleras
315 3855 360 3895 est.
398 3851 433 3897 ur
454 3852 512 3899 nitit
538 3853 615 3901 dicem
632 3854 664 3898 da
688 3862 743 3904 ente
753 3852 813 3899 med.

132 3913 215 3969 verbo,
222 3913 368 3975 χιιςοτηιῒπ,
379 3915 664 3972 qnodintlommentmn·
721 3915 1139 3980 ⁶Vid.§.nd.etibipusimSclrol.
1176 3933 1180 3944 ¹

132 3975 201 4034 teri;
217 3975 276 4036 qnid
286 3975 326 4021 illa
335 3975 380 4022 sibi
396 3977 491 4026 rolant:
508 3977 552 4027 iret
563 3981 664 4044 ἠμπο-
722 3981 901 4030 ‘Vocantnrsio
914 3982 1219 4044 simplicitsrlrarnar,unds

132 4037 309 4103 wilwino?
326 4038 423 4086 natm
440 4042 665 4093 uahmusadtsrn·
689 4043 864 4102 decemtribns,
879 4045 1022 4095 acttrrteaa
1041 4049 1163 4104 institutas,
1178 4063 1219 4093 no·

133 4121 187 4167 pas,
206 4102 393 4164 „cognitoribus
415 4104 446 4150 ad
473 4109 594 4167 gerendam
615 4125 665 4156 rem
689 4110 752 4158 mine
779 4117 925 4171 acceperam,
947 4111 1032 4172 quibas
1050 4120 1132 4158 statum
1155 4117 1220 4158 mm

101 4213 110 4221 ,
133 4169 291 4217 oonoessnmt
329 4167 418 4214 Abnuit
435 4168 526 4229 adJecta
544 4173 665 4232 particule,
690 4174 778 4236 positae
796 4188 868 4238 prope
887 4173 974 4221 cariem
993 4175 1175 4236 Quingeatornm
1196 4181 1221 4220 at

134 4233 179 4282 tta
213 4234 335 4280 Btnotnnr
348 4239 394 4286 est,
411 4233 531 4280 formalem
547 4233 667 4283 trimatu
690 4237 789 4291 tholum,
801 4237 825 4284 in
845 4236 963 4286 cenmiw
980 4239 1069 4285 urbico.
1101 4237 1148 4284 no·
1165 4251 1221 4284 enn-

134 4295 204 4361 χρη
213 4296 300 4357 erepins
317 4295 378 4357 epod
388 4295 480 4343 Atticos
489 4313 550 4354 esse,
566 4313 608 4359 prr
619 4300 667 4346 lon·
691 4308 765 4348 uerat
783 4301 882 4348 Prnsau.
904 4303 925 4348 1.
942 4303 966 4349 5.
1000 4301 1066 4348 cont.
1083 4300 1177 4362 Ulpian.
1190 4301 1221 4348 sd

132 4375 189 4424 gunt
207 4367 301 4419 tenpus,
320 4368 346 4408 et
364 4358 407 4407 lari
423 4361 500 4424 mirer,
518 4363 667 4424 aliquamdiu.
691 4364 818 4413 Timocrat.
834 4364 893 4429 §.y‘¹
908 4364 938 4411 ed
951 4377 990 4412 vr.
1010 4358 1118 4417 fumet&
1132 4375 1220 4412 ι.τ.λ.

21 4470 22 4477 ,
136 4427 174 4471 lta
184 4421 290 4470 AEsohin.
301 4423 325 4471 in
340 4424 444 4486 ctesiph.
464 4427 485 4489 §.
494 4423 523 4486 γ’.
535 4427 566 4474 da
582 4428 668 4474 Strate-
693 4437 716 4476 et
726 4431 756 4477 ad
771 4437 869 4477 nostrsrn
880 4429 901 4492 §·
912 4429 948 4474 ael.
956 4427 979 4474 in
990 4427 1040 4476 luit.
1057 4435 1082 4475 et
1098 4429 1222 4490 scriptores

21 4494 22 4497 ’
137 4488 175 4550 gis
185 4485 305 4548 queritur:
321 4489 339 4536 sl
356 4486 403 4538 lel
413 4493 502 4540 satir
516 4489 561 4542 lla
576 4490 669 4558 mirer
692 4509 732 4558 ep.
745 4495 835 4543 lllaurs.
849 4497 898 4542 stt
915 4493 991 4540 hott.
1011 4493 1042 4542 v.
1059 4495 1083 4544 5.
1093 4493 1222 4542 rovorata.
